%% This BibTeX bibliography file was created using BibDesk.
%% http://bibdesk.sourceforge.net/

%% Saved with string encoding Unicode (UTF-8) 

%% Misc

@misc{SUAP2018,
 title   ={Sobre o SUAP},
 url     ={http://www.ifpb.edu.br/ti/sistemas/servicos/suap/sobre-o-suap},
 organization={SUAP},
 urlaccessdate={25 maio 2018},
 year    =2018
}

@misc{PRPIPG2018,
 title   ={Sobre a PRPIPG},
 url     ={http://www.ifpb.edu.br/prpipg},
 organization={PRPIPG},
 urlaccessdate={19 junho 2018},
 year    =2018
}

@misc{MOZILLA2018,
 title   ={Introdução ao Django},
 url     ={https://developer.mozilla.org/pt-BR/docs/Learn/Server-side/Django/Introdu%C3%A7%C3%A3o},
 organization={Mozilla},
 urlaccessdate={20 junho 2018},
 year    =2018
}

@misc{MICROSOFT2018,
 title   ={Model-View-Controller},
 url     ={https://docs.microsoft.com/en-us/previous-versions/msp-n-p/ff649643(v=pandp.10)},
 organization={Microsoft},
 urlaccessdate={20 junho 2018},
 year    =2018
}

@misc{TABLELESS2018,
 title   ={O que é MVC?},
 url     ={https://tableless.com.br/mvc-afinal-e-o-que/},
 organization={Tableless},
 urlaccessdate={20 junho 2018},
 year    =2018
}

@misc{AMAZON2018,
 title   ={Banco de dados relacional},
 url     ={https://aws.amazon.com/pt/relational-database/},
 organization={Amazon},
 urlaccessdate={20 junho 2018},
 year    =2018
}

@misc{ANGULARJS2018,
 title   ={AngularJS — Superheroic JavaScript MVW Framework},
 url     ={https://angularjs.org/},
 organization={AngularJS},
 urlaccessdate={23 junho 2018},
 year    =2018
}

@misc{W3SCHOOLS2018,
 title   ={AngularJS Expressions},
 url     ={https://www.w3schools.com/angular/angular_expressions.asp},
 organization={w3schools},
 urlaccessdate={23 junho 2018},
 year    =2018
}

@misc{FLASK2018,
 title   ={Welcome | Flask (A Python Microframework)},
 url     ={http://flask.pocoo.org/},
 organization={Flask},
 urlaccessdate={23 junho 2018},
 year    =2018
}

@misc{BRACKETS2018,
 title   ={Brackets - Um editor de textos moderno e de código aberto que entende web design.},
 url     ={http://brackets.io/},
 organization={Brackets},
 urlaccessdate={23 junho 2018},
 year    =2018
}

@misc{SUBLIME2018,
 title   ={About Sublime},
 url     ={http://www.sublimetext.com/about},
 organization={Sublime},
 urlaccessdate={23 junho 2018},
 year    =2018
}

@misc{GITLAB2018,
 title   ={About Us | GitLab},
 url     ={https://about.gitlab.com/about/},
 organization={GitLab},
 urlaccessdate={24 junho 2018},
 year    =2018
}

@misc{TRELLO2018,
 title   ={What is Trello? - Trello},
 url     ={https://help.trello.com/article/708-what-is-trello},
 organization={Trello},
 urlaccessdate={24 junho 2018},
 year    =2018
}

@misc{SLACK2018,
 title   ={O que é Slack?},
 url     ={https://pluga.co/blog/api/o-que-e-slack/},
 organization={Pluga},
 urlaccessdate={24 junho 2018},
 year    =2018
}

@misc{GITHUB2018,
 title   ={pkp/ocs: Open Conference System},
 url     ={https://github.com/pkp/ocs},
 organization={GitHub},
 urlaccessdate={27 junho 2018},
 year    =2018
}

@misc{PKP2018,
 title   ={Open Conference Systems},
 url     ={https://pkp.sfu.ca/ocs/},
 organization={PKP},
 urlaccessdate={27 junho 2018},
 year    =2018
}

@misc{BECODE2018,
 title   ={O que é API? REST e RESTful? Conheça as diferenças!},
 url     ={https://becode.com.br/o-que-e-api-rest-e-restful/},
 organization={BECODE},
 urlaccessdate={28 junho 2018},
 year    =2018
}

@misc{COMPUTERSCIENCEWIKI2018,
 title   ={API - COMPUTER SCIENCE WIKI},
 url     ={https://computersciencewiki.org/index.php/API},
 organization={Computer Science Wiki},
 urlaccessdate={28 junho 2018},
 year    =2018
}

@misc{CAELUM2018,
 title   ={REST: Princípios e boas práticas - Blog da Caelum: desenvolvimento, web, mobile, UX e Scrum},
 url     ={http://blog.caelum.com.br/rest-principios-e-boas-praticas/},
 organization={Caelum},
 urlaccessdate={28 junho 2018},
 year    =2018
}

@misc{UFCG2018,
 title   ={O que é um Framework?},
 url     ={http://www.dsc.ufcg.edu.br/~jacques/cursos/map/html/frame/oque.htm},
 organization={UFCG},
 urlaccessdate={10 julho 2018},
 year    =2018
}


%% Book
@book{Ambler2004,
 author  ={AMBLER, S. M.},
 title   ={Modelagem ágil: Práticas eficazes para programação extrema e o
processo unificado},
 organization={},
 address ={https://www.saraiva.com.br/modelagem-agil-141855.html},
 publisher={Bookman},
 isbn ={},
 issn ={},
 year ={2004}
}

@book{GIT2014,
 author  ={CHACON, Scott. and STRAUB, Ben},
 title   ={Pró-Git - Tudo o que você precisa saber sobre a ferramenta Git de controle
de distribuição de código},
 organization={Git},
 address ={https://git-scm.com/book/en/v2},
 publisher={},
 isbn ={},
 issn ={},
 year ={2014}
}

%% Article

@article{GOWRISHANKAR2016,
 author  ={GOWRISHANKAR, S AND SIDDARAJU},
 title   ={Open Source Software Stack for Python Platform:
From Academia to Industry},
 journal ={NATURAL LANGUAGE PROCESSING},
 section ={},
 address ={Bangalore, Karnataka, India},
 pages   ={},
 number  ={},
 volume  =40,
 pages   ={},
 issn    ={0970-647X},
 url     ={http://www.csi-india.org/Communications/CSIC_April_2016.pdf},
 urlaccessdate={20 junho 2018},
 year    ={2016}
}

